@inproceedings{nacl,
  title={Native client: A sandbox for portable, untrusted x86 native code},
  author={Yee, Bennet and Sehr, David and Dardyk, Gregory and Chen, J Bradley and Muth, Robert and Ormandy, Tavis and Okasaka, Shiki and Narula, Neha and Fullagar, Nicholas},
  booktitle={Security and Privacy, 2009 30th IEEE Symposium on},
  pages={79--93},
  year={2009},
  organization={IEEE}
}

@manual{webworkersw3c,
  author      = "Hickson, Ian",
  title       = "Workers",
  month       = may,
  note        = "http://www.w3.org/TR/2012/CR-workers-20120501/",
  year        = "2012",
  type        = "W3C Candidate Recommendation (work in progress)",
  organization = "World Wide Web Consortium"
}

@manual{typedarraysw3c,
  author      = {Herman, David and Russell, Kenneth},
  title       = "Typed Array Specification",
  month       = july,
  note        = "https://www.khronos.org/registry/typedarray/specs/latest/",
  year        = "2013",
  type        = "Editor's Draft",
  organization = "Khronos"
}

@manual{html5w3c,
  author      = {W3C},
  title       = "HTML5 Specification",
  month       = aug,
  note        = "http://www.w3.org/html/wg/drafts/html/master/infrastructure.html",
  year        = "2013",
  type        = "W3C Candidate Recommendation",
  organization = "World Wide Web Consortium"
}

@manual{nacloverview,
  author      = "Google Developers",
  title       = "Native Client Technical Overview",
  month       = "November",
  note        = "https://developers.google.com/native-client/overview",
  year        = "2013",
  organization = "Google Developers"
}

@article{birrell1984implementing,
  title={Implementing remote procedure calls},
  author={Birrell, Andrew D and Nelson, Bruce Jay},
  journal={ACM Transactions on Computer Systems (TOCS)},
  volume={2},
  number={1},
  pages={39--59},
  year={1984},
  publisher={ACM}
}

@manual{gcc,
  title={Using the GNU Compiler Collection for GCC 4.8.2},
  author={Stallman, Richard M and Others},
  organization={Free Software Foundation},
  year={2013},
  note= "http://gcc.gnu.org/onlinedocs/gcc-4.8.2/gcc/"
}

@book{stevens2004unix,
  title={UNIX network programming},
  author={Stevens, W Richard},
  volume={1},
  year={2004},
  publisher={Addison-Wesley Professional}
}

@book{object1995common,
  title={The Common Object Request Broker (CORBA): Architecture and Specification},
  author={Object Management Group},
  year={1995},
  publisher={Object Management Group}
}

@manual{isocorba,
  author      = "ISO/IEC 19500-1",
  title       = "Common Object Request Broker Architecture (CORBA), Interfaces",
  month       = april,
  year        = "2012",
  type        = "ISO/IEC 19500",
  organization = "International Organization for Standardization"
}

@article{vinoski1997corba,
  title={CORBA: Integrating diverse applications within distributed heterogeneous environments},
  author={Vinoski, Steve},
  journal={Communications Magazine, IEEE},
  volume={35},
  number={2},
  pages={46--55},
  year={1997},
  publisher={IEEE}
}

@manual{jsonrpcspec,
  author      = "JSON-RPC Working Group",
  title       = "JSON-RPC 2.0 Specification",
  note        = "http://www.jsonrpc.org/specification",
  month       = march,
  year        = "2010"
}

@manual{xmlrpcspec,
  title       = "XML-RPC Specification",
  author      = "Winer, Dave",
  note        = "http://xmlrpc.scripting.com/spec.html",
  month       = june,
  year        = "1999",
  organization = "UserLand Software"
}

@techreport{thrift,
  title={Thrift: Scalable cross-language services implementation},
  author={Agarwal, Aditya and Slee, Mark and Kwiatkowski, Marc},
  year={2007},
  institution={Facebook, Tech. Rep., April 2007.[Online].}
}

@manual{webidlw3c,
  author      = "McCormack, Cameron",
  title       = "Web IDL",
  month       = april,
  note        = "http://www.w3.org/TR/WebIDL/",
  year        = "2012",
  type        = "W3C Candidate Recommendation",
  organization = "World Wide Web Consortium"
}

@book{crockfordjavascript,
  title={JavaScript: The Good Parts},
  author={Crockford, Douglas},
  year={2008},
  publisher={O'Reilly Media, Inc.}
}

@manual{protobufdev,
  author      = "Google Developers",
  title       = "Google Protocol Buffers",
  month       = "April",
  note        = "https://developers.google.com/protocol-buffers/docs/overview",
  year        = "2012",
  organization = "Google Developers"
}

@misc{protobufjs,
  author = {Wirtz, Daniel},
  title = {ProtoBuf.js: Protocol Buffers for JavaScript},
  year = {2014},
  publisher = {GitHub},
  journal = {GitHub repository},
  howpublished = {\url{https://github.com/dcodeIO/ProtoBuf.js}},
  commit = {667c0b6e26f0dc13f6ce290ea4b2363a1d4d41cd}
}

@manual{blinkwebidl,
  author      = "The Chromium Developers",
  title       = "Web IDL in Blink",
  year        = "2014",
  note        = "http://www.chromium.org/blink/webidl",
  organization = "Google Developers"
}

@manual{chromiumwebidlparser,
  author      = "The Chromium Developers",
  title       = "Chromium WebIDL Parser",
  year        = "2014",
  note        = {\url{https://code.google.com/p/chromium/codesearch\#chromium/src/tools/idl_parser/idl_parser.py}},
  organization = "Chromium"
}

@manual{mozillawebidlparser,
  author      = "Mozilla",
  title       = "Mozilla WebIDL Parser",
  year        = "2014",
  note        = {\url{http://mxr.mozilla.org/mozilla-central/source/dom/bindings/parser/WebIDL.py}},
  organization = "Mozilla"
}

@misc{esidlproject,
  author = {ES Web Browser Project},
  title = {esidl: The Esidl Web IDL compiler for C++11},
  year = {2014},
  publisher = {GitHub},
  journal = {GitHub repository},
  howpublished = {\url{https://github.com/esrille/esidl}},
  commit = {b218a6757082904c78025098e0f3f0eb8b570579}
}

@misc{webidljsimplementation,
  author = {Extensible Web Community Group},
  title = {webidl.js: An implementation of WebIDL in ECMAScript},
  year = {2014},
  publisher = {GitHub},
  journal = {GitHub repository},
  howpublished = {\url{https://github.com/extensibleweb/webidl.js}},
  commit = {7e7e7682f38fc2d27645dc395b4308fbfd958d89}
}

@manual{firebreath,
  author      = "FireBreath",
  title       = "FireBreath: A browser plugin framework",
  year        = "2013",
  month       = "November",
  note        = {\url{http://www.firebreath.org/}},
  organization = "FireBreath"
}

@manual{apachethrift,
  author      = "Apache Software Foundation",
  title       = "Apache Thrift Website",
  year        = "2014",
  note        = {\url{http://thrift.apache.org/}},
  organization = "Apache Software Foundation"
}

@misc{thriftnacl,
  author = {ahilss},
  title = {thrift-nacl: Thrift for Native Client},
  year = {2014},
  publisher = {GitHub},
  journal = {GitHub repository},
  howpublished = {\url{https://github.com/ahilss/thrift-nacl}},
  commit = {5ad053155ece3a7f47c4903c4f1c4ff1269a8ba9}
}

@misc{pmrpc,
  author = {Žužak, Ivan},
  title = {pmrpc: HTML5 inter-window and web workers RPC and publish-subscribe communication library},
  year = {2014},
  publisher = {GitHub},
  journal = {GitHub repository},
  howpublished = {\url{https://github.com/izuzak/pmrpc}},
  commit = {594b495d965cc7a410204d07ef0ba0b5494c0333}
}

@manual{jsonrpccpp,
  author      = "Vincent, Sebastien",
  title       = "JsonRpc-Cpp: JSON RPC Protocol implementation in C++",
  year        = "2014",
  note        = {\url{http://jsonrpc-cpp.sourceforge.net/}},
  organization = "Sourceforge"
}

@misc{wikijsonrpc,
  author = "Wikipedia",
  title = "JSON-RPC --- {W}ikipedia{,} The Free Encyclopedia",
  year = "2014",
  url = {http://en.wikipedia.org/w/index.php?title=Plagiarism&oldid=5139350},
  note = "[Online; accessed 16-June-2014]"
}

@misc{berjonwebidljs,
  author = {Berjon, Robin},
  title = {webidl2.js: JavaScript WebIDL parser},
  year = {2014},
  publisher = {GitHub},
  journal = {GitHub repository},
  howpublished = {\url{https://github.com/darobin/webidl2.js}},
  commit = {3e551bf0395025fdab9361e67c2eff4a96632e9b}
}

@manual{mustache,
  author      = "Mustache",
  title       = "Mustache: logic-less templates",
  year        = "2014",
  note        = {\url{http://mustache.github.io}},
  organization = "Mustache"
}

@misc{mustachejs,
  author = {Lehnardt, Jan},
  title = {Mustahce.js: Minimal templating with mustache in JavaScript},
  year = {2014},
  publisher = {GitHub},
  journal = {GitHub repository},
  howpublished = {\url{https://github.com/janl/mustache.js}},
  commit = {32db14a490ae19455d4367c35f412bd0ecdba17c}
}

@misc{handlebarsjs,
  author = {Katz, Yehuda},
  title = {Handlebars: A mustache implementation in JavaScript with extra features},
  year = {2014},
  publisher = {GitHub},
  journal = {GitHub repository},
  howpublished = {\url{https://github.com/wycats/handlebars.js}},
  commit = {7172d167ddf9cbf1e8a0aae48970da42107e9e59}
}

@misc{hoganjs,
  author = {Twitter},
  title = {hogan.js: A mustache compiler},
  year = {2014},
  publisher = {GitHub},
  journal = {GitHub repository},
  howpublished = {\url{https://github.com/twitter/hogan.js}},
  commit = {e2cc18e26f51989593b48c2d23e8206ec2190169}
}

@misc{karmarunner,
  author = {Karma Runner},
  title = {karma: Spectacular Test Runner for JavaScript},
  year = {2014},
  publisher = {GitHub},
  journal = {GitHub repository},
  howpublished = {\url{http://karma-runner.github.io}},
  commit = {e63acb6c3e886c004f0ceaae5cd351ac9be36fdd}
}

@misc{jasminetest,
  author = {Pivotal Labs},
  title = {Jasmine: Behavior-Driven JavaScript},
  year = {2014},
  publisher = {GitHub},
  journal = {GitHub repository},
  howpublished = {\url{http://jasmine.github.io}},
  commit = {7d93541c09786163b1470b3212c17b6db37b7352}
}

@misc{qunittest,
  author = {jQuery},
  title = {QUnit: A JavaScript Unit Testing framework},
  year = {2014},
  publisher = {GitHub},
  journal = {GitHub repository},
  howpublished = {\url{http://qunitjs.com}},
  commit = {b29cbd8eae1c609e72ab88143d3d5059347de6dc}
}

@misc{mochatest,
  author = {Holowaychuk, TJ},
  title = {mocha: simple, flexible, fun javascript test framework},
  year = {2014},
  publisher = {GitHub},
  journal = {GitHub repository},
  howpublished = {\url{http://visionmedia.github.io/mocha}},
  commit = {fb0447ed60a7b74493746217de0b06d30dafd5bd}
}

@manual{jsonschemaspec,
  author      = "Galiegue, Francis and Zyp, Kris",
  title       = "JSON Schema Specification",
  month       =  January,
  note        = "http://json-schema.org/latest/json-schema-core.html",
  year        = "2013",
  type        = "IETF Internet-Draft, informational",
  organization = "Internet Engineering Task Force"
}

@misc{tvjsonschema,
  author = {Geraint},
  title = {tv4: Tiny Validator for JSON Schema v4},
  year = {2014},
  publisher = {GitHub},
  journal = {GitHub repository},
  howpublished = {\url{https://github.com/geraintluff/tv4}},
  commit = {4a3888b95ab27ab0e7b7839bf202f9b7983a7b52}
}

@misc{bulletphysics,
  author = {Coumans, Erwin},
  title = {Bullet physics real-time simulation library},
  year = {2014},
  publisher = {Open Source},
  howpublished = {\url{http://bulletphysics.org/}}
}

@misc{oniguruma,
  author = {Kosako, K.},
  title = {Oniguruma regular expressions library},
  year = {2013},
  publisher = {Open Source},
  howpublished = {\url{http://www.geocities.jp/kosako3/oniguruma}}
}

@misc{benchmarkjs,
  author = {BestieJS},
  title = {BenchmarkJS: A JavaScript benchmarking library},
  year = {2014},
  publisher = {GitHub},
  howpublished = {\url{https://github.com/bestiejs/benchmark.js}}
}